@InProceedings{FSCD2021,
  author = {Youyou Cong and Chiaki Ishio and Kaho Honda and Kenichi Asai},
  title = {A Functional Abstraction on Typed Invocation Contexts},
  booktitle = {FSCD},
  year = 2021
}

@inproceedings{KY2008,
  title        = {Typed dynamic control operators for delimited continuations},
  author       = {Kameyama, Yukiyoshi and Yonezawa, Takuo},
  booktitle    = {International Symposium on Functional and Logic Programming},
  series       = {FLOPS '08},
  pages        = {239--254},
  year         = {2008},
  organization = {Springer}
}

@InProceedings{CHAM2018,
 author   = {Yamada, Urara
 and Asai, Kenichi},
 editor   = {Ryu, Sukyoung},
 title    = {Certifying CPS Transformation of Let-Polymorphic Calculus Using PHOAS},
 booktitle= {Programming Languages and Systems},
 year=2018,
 publisher= {Springer International Publishing},
 address  = {Cham},
 pages    = {375--393}
}

@InProceedings{CHAM2020,
 author={Ishio, Chiaki
 and Asai, Kenichi},
 editor={Bowman, William J. and Garcia, Ronald},
 title={Verifying Selective CPS Transformation for Shift and Reset},
 booktitle={Trends in Functional Programming},
 year=2020,
 publisher={Springer International Publishing},
 address={Cham},
 pages={38--57}
}

@inproceedings{POPL88,
  title={The theory and practice of first-class prompts},
  author={Mattias Felleisan},
  booktitle={POPL '88: Proceedings of the 15th ACM SIGPLAN-SIGACT symposium on Principles of programming languages},
  pages={180--190},
  year={1988}
}

@InProceedings{DF1990,
  author = {Danvy, O. and Filinski, A.}, 
  title = {{Abstracting Control}},
  booktitle = {Proc. 1990 ACM Conference on 
	Lisp and Functional Programming},
  pages = {151--160},
  year = 1990
}

@article{DF1992,
  author    = {Olivier Danvy and
               Andrzej Filinski},
  title     = {Representing Control: {A} Study of the {CPS} Transformation},
  journal   = {Math. Struct. Comput. Sci.},
  volume    = {2},
  number    = {4},
  pages     = {361--391},
  year      = {1992},
  doi       = {10.1017/S0960129500001535},
  timestamp = {Wed, 01 Apr 2020 08:48:44 +0200},
  biburl    = {https://dblp.org/rec/journals/mscs/DanvyF92.bib},
  bibsource = {dblp computer science bibliography, https://dblp.org}
}

@article{shan-simulation,
  title        = {A static simulation of dynamic delimited control},
  author       = {Shan, Chung-chieh},
  journal      = {Higher-Order and Symbolic Computation},
  volume       = {20},
  number       = {4},
  pages        = {371--401},
  year         = {2007},
  publisher    = {Springer}
}

@InProceedings{YK2003,
  author    = {Y. Minamide and K. Okuma},
  title     = {Verifying CPS transformations in Isabelle/HOL},
  booktitle = {Proceedings of the 2003 ACM SIGPLAN workshop on
        Mechanized reasoning about languages with variable binding},
  series    = {MERLIN’03},
  pages     = {1--8},
  year      = 2003
}

@InProceedings{ZX2007,
  author    = {Z. Dargaye and X. Leroy},
  title     = {Mechanized verification of CPS transformations},
  booktitle = {Proceedings of the International Conference
       on Logic for Programming Artificial Intelligence and Reasoning},
  series    = {LPAR’05},
  pages     = {221--225},
  year      = 2007
}

@InProceedings{YH2006,
 author    = {Y. H. Tian},
 title     = {Mechanically Verifying Correctness of CPS Compilation},
 booktitle = {Proceeding of the Twelfth Computing: The Australasian Theory Symposium},
 year      = 2006,
 series    = {CATS’06},
 volume    = {51},
 pages     = {41--51}
}

@InProceedings{DF1989,
 author    = {Olivier Danvy and Andrzej Filinski},
 title     = {A functional abstraction of typed contexts},
 booktitle = {BRICS 89/12},
 year      = 1989,
}

@InProceedings{AK2007,
 author    = {Kenichi Asai and Yukiyoshi Kameyama},
 title     = {Polymorphic delimited continuations},
 booktitle = {Proceedings of the 5th Asian Conference on Programming Languages and Systems},
 series    = {APLAS’07},
 pages     = {239--254}
 year      = 2007,
}